<record><leader>00000cas a2200000 a 4500</leader><controlfield tag="001">35044221</controlfield><controlfield tag="008">960709d19271972miuwr ne      0    0eng c</controlfield><datafield ind1=" " ind2=" " tag="010"><subfield code="a">sn 96076805 </subfield></datafield><datafield ind1=" " ind2=" " tag="040"><subfield code="a">MHN</subfield><subfield code="b">eng</subfield><subfield code="c">MHN</subfield><subfield code="d">OCL</subfield><subfield code="d">OCLCQ</subfield><subfield code="d">OCLCF</subfield><subfield code="d">OCLCO</subfield></datafield><datafield ind1="1" ind2=" " tag="029"><subfield code="a">AU@</subfield><subfield code="b">000012679591</subfield></datafield><datafield ind1=" " ind2=" " tag="042"><subfield code="a">pcc</subfield></datafield><datafield ind1=" " ind2=" " tag="043"><subfield code="a">n-us-mi</subfield></datafield><datafield ind1="0" ind2="4" tag="245"><subfield code="a">The Advertiser record.</subfield></datafield><datafield ind1=" " ind2=" " tag="260"><subfield code="a">Constantine, Mich. :</subfield><subfield code="b">Kenneth B. Bulter</subfield></datafield><datafield ind1=" " ind2=" " tag="300"><subfield code="a">v.</subfield></datafield><datafield ind1=" " ind2=" " tag="310"><subfield code="a">Weekly</subfield></datafield><datafield ind1="0" ind2=" " tag="362"><subfield code="a">83rd yr., no. 22 (Sept. 21, 1927)-100th yr., no. 52 (Mar. 28, 1945) ; v. 101, no. 1 (Apr. 4, 1945)-v. 127, no. 1 (Feb. 23, 1972).</subfield></datafield><datafield ind1=" " ind2=" " tag="500"><subfield code="a">Issue called: Centennial souvenir ed., July 25, and Aug. 10, 1928.</subfield></datafield><datafield ind1=" " ind2=" " tag="580"><subfield code="a">Merged with: White Pigeon post, to form: St. Joseph County news.</subfield></datafield><datafield ind1=" " ind2="0" tag="651"><subfield code="a">Constantine (Mich.)</subfield><subfield code="v">Newspapers.</subfield></datafield><datafield ind1=" " ind2="0" tag="651"><subfield code="a">Saint Joseph County (Mich.)</subfield><subfield code="v">Newspapers.</subfield></datafield><datafield ind1=" " ind2="7" tag="655"><subfield code="a">Newspapers.</subfield><subfield code="2">fast</subfield><subfield code="0">(OCoLC)fst01423814</subfield></datafield><datafield ind1=" " ind2="7" tag="651"><subfield code="a">Michigan</subfield><subfield code="z">Constantine.</subfield><subfield code="2">fast</subfield><subfield code="0">(OCoLC)fst01232806</subfield></datafield><datafield ind1=" " ind2="7" tag="651"><subfield code="a">Michigan</subfield><subfield code="z">Saint Joseph County.</subfield><subfield code="2">fast</subfield><subfield code="0">(OCoLC)fst01210520</subfield></datafield><datafield ind1=" " ind2=" " tag="752"><subfield code="a">United States</subfield><subfield code="b">Michigan</subfield><subfield code="c">Saint Joseph</subfield><subfield code="d">Constantine.</subfield></datafield><datafield ind1="0" ind2="0" tag="780"><subfield code="t">Constantine advertiser=record</subfield><subfield code="w">(DLC)sn 96076804</subfield><subfield code="w">(OCoLC)35044162</subfield></datafield><datafield ind1="1" ind2="7" tag="785"><subfield code="t">White Pigeon post</subfield><subfield code="w">(DLC)sn 96076808</subfield><subfield code="w">(OCoLC)35044417</subfield></datafield><datafield ind1="1" ind2="7" tag="785"><subfield code="t">St. Joseph County news</subfield><subfield code="w">(DLC)sn 96076807</subfield><subfield code="w">(OCoLC)35044084</subfield></datafield></record>